@inproceedings{PetrovicMikic2015,
author = {Petar Petrovi{\'c} and Mika Miki{\'c}},
title = {Nau{\v c}ni rad},
booktitle = {Konferencija iz matematike i ra{\v c}unarstva},
year = {2015},
editor = {Miloje Milojevi{\'c}},
language = {serbian},
hyphenation = {serbian}
}


@book{Barrett,
author = {C. Barrett and R. Sebastiani},
title = {{Satisfiability Modulo Theories, Frontiers in Artificial Intelligence and Applications}},
pages = {825--885},
year = {1987}
}

@book{Libv2,
author = {C. Barrett, S.Ranise, C. Tinelli, A. Stump},
title = {SMT-LIB Standard, Version 2.0},
year = {2010}
}

@book{EfficientSMTSolver,
author = {Leonardo de Moura and Nikolaj Bjorner},
title = {Z3 - An Efficient SMT Solver, Microsoft Research},
pages = {337--340},
year = {2008}
}

@book{Handbook, 
author = {Armin Biere and Marijin Heule},
title = {Handbook of Satisfiability, volume 185 of Frontiers in Artificial Intelligence and Applications},
year = {2009}
}



@book{DPBitvector,
author = {C. Barrett, D. Dill, J. Levitt}, 
title = {A decision procedure for bit-vector arithmetic},
year = {1998},
pages = {522--527}
}



@book{FastLinearArithmetic, 
author = {B. Dutertre and L. de Moura}, 
title = {A Fast Linear-Arithmetic Solver for DPLL(T)},
year = {2006}
}

@book{SMTLIB,
title = {The SMT-LIB Standard - version 2.0},
author = {Clark Barrett, Aaron Stump},
year = {2013}
}

@book{NelsonOpen,
title = {A Generalization of Nelson-Open's Algorithm for Obtaining Prime Implicants },
author = {R. W. House and T. Rado}
}



@misc{api,
  author = {Microsoft Research},
  title = {{Automatically generated documentation for the Z3 APIs}},
  howpublished = "\url{http://z3prover.github.io/api/html/index.html}",
  year = {2016}
}